<?xml version="1.0" encoding="UTF-8"?>
<record xmlns="http://www.loc.gov/MARC21/slim" xmlns:xsi="http://www.w3.org/2001/XMLSchema-instance" xsi:schemaLocation="http://www.loc.gov/MARC21/slim http://www.loc.gov/standards/marcxml/schema/MARC21slim.xsd">
<leader>00000cam a22      i 4500</leader>
<controlfield tag="001">002657162</controlfield>
<controlfield tag="003">NNU</controlfield>
<controlfield tag="005">20160205173950.0</controlfield>
<controlfield tag="008">130418s1953    tu a     b    000 0 ara d</controlfield>
<datafield tag="035" ind1=" " ind2=" ">
<subfield code="a">(OCoLC)839776076</subfield>
</datafield>
<datafield tag="040" ind1=" " ind2=" ">
<subfield code="a">MEAUC</subfield>
<subfield code="b">eng</subfield>
<subfield code="e">rda</subfield>
<subfield code="c">MEAUC</subfield>
<subfield code="d">OCLCO</subfield>
<subfield code="d">OCLCQ</subfield>
<subfield code="d">OCLCA</subfield>
<subfield code="d">MEAUC</subfield>
<subfield code="d">OCLCO</subfield>
<subfield code="d">NNU</subfield>
</datafield>
<datafield tag="050" ind1=" " ind2="4">
<subfield code="a">B751.A35</subfield>
<subfield code="b">U42 1953</subfield>
</datafield>
<datafield tag="100" ind1="0" ind2=" ">
<subfield code="6">880-01</subfield>
<subfield code="a">Avicenna,</subfield>
<subfield code="d">980-1037,</subfield>
<subfield code="e">author.</subfield>
</datafield>
<datafield tag="245" ind1="1" ind2="0">
<subfield code="6">880-02</subfield>
<subfield code="a">Rasāʼil ibn Sīnā :</subfield>
<subfield code="b">ajawāb sit ʻashr masʼalah li-Abī Rīḥān, ajwibat masāʼil saʼal ʻanhā Abū Rīḥān makātabah li-Abī ʻAlī ibn Sīnā. risālah fī abṭāl aḥkām al-nujūm, masāʼil ʻan aḥwāl al-rūḥ, ajwibat ʻan ʻashr masāʼil, risālah fī al-nafs wa-baqāʼihā wa-maʻādihā, al-jawāb li-baʻḍ al-mutakallimīn /</subfield>
<subfield code="c">taʼlīf al-shaykh al-raʼīs Abī ʻAlī ibn Sīnā. Kitāb al-farq bayna al-rūḥ wa-al-nafs / taʼlīf Qisṭā ibn Lūqā ; ʻunaya bi-nashrihi Ḥilmī Ḍīyā Ūlkin.</subfield>
</datafield>
<datafield tag="246" ind1="1" ind2="4">
<subfield code="a">Les opuscules d'Ibn Sina</subfield>
</datafield>
<datafield tag="246" ind1="1" ind2="4">
<subfield code="a">Ibn Sina risâleleri</subfield>
</datafield>
<datafield tag="264" ind1=" " ind2="1">
<subfield code="6">880-03</subfield>
<subfield code="a">Isṭanbūl :</subfield>
<subfield code="b">Maṭbaʻat Ibrāhīm Khurūz,</subfield>
<subfield code="c">1953.</subfield>
</datafield>
<datafield tag="300" ind1=" " ind2=" ">
<subfield code="a">159, 12, 24 pages :</subfield>
<subfield code="b">illustrations ;</subfield>
<subfield code="c">24 cm.</subfield>
</datafield>
<datafield tag="336" ind1=" " ind2=" ">
<subfield code="a">text</subfield>
<subfield code="b">txt</subfield>
<subfield code="2">rdacontent</subfield>
</datafield>
<datafield tag="337" ind1=" " ind2=" ">
<subfield code="a">unmediated</subfield>
<subfield code="b">n</subfield>
<subfield code="2">rdamedia</subfield>
</datafield>
<datafield tag="338" ind1=" " ind2=" ">
<subfield code="a">volume</subfield>
<subfield code="b">nc</subfield>
<subfield code="2">rdacarrier</subfield>
</datafield>
<datafield tag="490" ind1="1" ind2=" ">
<subfield code="6">880-04</subfield>
<subfield code="a">Jāmiʻat Istānbūl, Kullīyat al-Ādāb, al-muʼallaf ;</subfield>
<subfield code="v">raqm 552</subfield>
</datafield>
<datafield tag="500" ind1=" " ind2=" ">
<subfield code="a">Text in Arabic and French.</subfield>
</datafield>
<datafield tag="500" ind1=" " ind2=" ">
<subfield code="a">Includes errata pages.</subfield>
</datafield>
<datafield tag="504" ind1=" " ind2=" ">
<subfield code="a">Includes bibliographical references.</subfield>
</datafield>
<datafield tag="600" ind1="0" ind2="0">
<subfield code="6">880-05</subfield>
<subfield code="a">Qusṭā ibn Lūqā,</subfield>
<subfield code="d">approximately 820-approximately 912.</subfield>
<subfield code="t">Kitāb al-firaq bayna al-rūḥ wa-al-nafs.</subfield>
</datafield>
<datafield tag="650" ind1=" " ind2="0">
<subfield code="a">Islamic philosophy</subfield>
<subfield code="v">Early works to 1800.</subfield>
</datafield>
<datafield tag="650" ind1=" " ind2="0">
<subfield code="a">Philosophy, Medieval.</subfield>
</datafield>
<datafield tag="650" ind1=" " ind2="0">
<subfield code="a">Philosophy, Arab.</subfield>
</datafield>
<datafield tag="700" ind1="1" ind2=" ">
<subfield code="6">880-06</subfield>
<subfield code="a">Ülken, Hilmi Ziya.</subfield>
</datafield>
<datafield tag="700" ind1="0" ind2=" ">
<subfield code="6">880-07</subfield>
<subfield code="a">Qusṭā ibn Lūqā,</subfield>
<subfield code="d">approximately 820-approximately 912.</subfield>
</datafield>
<datafield tag="740" ind1="0" ind2=" ">
<subfield code="6">880-08</subfield>
<subfield code="a">Kitāb al-farq bayna al-rūḥ wa-al-nafs.</subfield>
</datafield>
<datafield tag="880" ind1="0" ind2=" ">
<subfield code="6">100-01/</subfield>
<subfield code="a">بن سينا ،</subfield>
<subfield code="d">980-1037.</subfield>
</datafield>
<datafield tag="880" ind1="1" ind2="0">
<subfield code="6">245-02/</subfield>
<subfield code="a">رسائل بن سينا :</subfield>
<subfield code="b">جواب ست عشر مسئلة لأبي ريحان، أجوبة مسائل سأل عنها أبو ريحان مكاتبة لأبي علي بن سينا. رسالة في ابطال أحكام النجوم، مسائل عن أحوال الروح، أجوبة عن عشر مسائل، رسالة في النفس وبقائها ومعادها، الجواب لبعض المتكلمين /</subfield>
<subfield code="c">تأليف الشيخ الرئيس أبي علي بن سينا. كتاب الفرق بين الروح والنفس / تأليف قسطا بن لوقا ؛ عني بنشره حلمي ضيا اولكن.</subfield>
</datafield>
<datafield tag="880" ind1=" " ind2="1">
<subfield code="6">264-03/</subfield>
<subfield code="a">اسطنبول :</subfield>
<subfield code="b">مطبعة إبراهيم خروز،</subfield>
<subfield code="c">1953.</subfield>
</datafield>
<datafield tag="880" ind1="1" ind2=" ">
<subfield code="6">490-04/</subfield>
<subfield code="a">جامعة استانبول، كلية الآداب، المؤلف ؛</subfield>
<subfield code="v">رقم 552</subfield>
</datafield>
<datafield tag="880" ind1="0" ind2="0">
<subfield code="6">600-05/</subfield>
<subfield code="a">قسطا بن لوقا،</subfield>
<subfield code="d">حوالي 820-حوالي 912.</subfield>
<subfield code="t">كتاب الفرق بين الروح والنفس.</subfield>
</datafield>
<datafield tag="880" ind1="1" ind2=" ">
<subfield code="6">700-06/</subfield>
<subfield code="a">اولكن، حلمي ضيا.</subfield>
</datafield>
<datafield tag="880" ind1="0" ind2=" ">
<subfield code="6">700-07/</subfield>
<subfield code="a">قسطا بن لوقا،</subfield>
<subfield code="d">حوالي 820-حوالي 912.</subfield>
</datafield>
<datafield tag="880" ind1="0" ind2=" ">
<subfield code="6">740-08/</subfield>
<subfield code="a">كتاب الفرق بين الروح والنفس.</subfield>
</datafield>
<datafield tag="830" ind1=" " ind2="0">
<subfield code="a">İstanbul Üniversitesi Edebiyat Fakültesi yayınları ;</subfield>
<subfield code="v">no. 552.</subfield>
</datafield>
<datafield tag="OWN" ind1=" " ind2=" ">
<subfield code="a">GENERAL</subfield>
</datafield>
<datafield tag="AVA" ind1=" " ind2=" ">
<subfield code="a">NYU50</subfield>
<subfield code="b">BOBST</subfield>
<subfield code="c">Main Collection</subfield>
<subfield code="d">B751.A35 U4</subfield>
<subfield code="e">unavailable</subfield>
<subfield code="t">Unavailable</subfield>
<subfield code="f">2</subfield>
<subfield code="g">2</subfield>
<subfield code="h">Y</subfield>
<subfield code="i">0</subfield>
<subfield code="j">MAIN</subfield>
<subfield code="k">0</subfield>
</datafield>
</record>
